<record><leader>00000cas a2200000 a 4500</leader><controlfield tag="001">33226082</controlfield><controlfield tag="008">950929c19939999oruwr ne      0    0eng c</controlfield><datafield ind1=" " ind2=" " tag="010"><subfield code="a">sn 97071043 </subfield></datafield><datafield ind1=" " ind2=" " tag="040"><subfield code="a">OEL</subfield><subfield code="b">eng</subfield><subfield code="c">OEL</subfield><subfield code="d">ORU</subfield><subfield code="d">OCN</subfield><subfield code="d">OCL</subfield><subfield code="d">ORU</subfield><subfield code="d">OCLCQ</subfield><subfield code="d">OCLCF</subfield><subfield code="d">OCLCO</subfield></datafield><datafield ind1="1" ind2=" " tag="029"><subfield code="a">AU@</subfield><subfield code="b">000013708410</subfield></datafield><datafield ind1=" " ind2=" " tag="042"><subfield code="a">pcc</subfield></datafield><datafield ind1=" " ind2=" " tag="043"><subfield code="a">n-us-or</subfield></datafield><datafield ind1="0" ind2="0" tag="245"><subfield code="a">Eugene weekly.</subfield></datafield><datafield ind1=" " ind2=" " tag="260"><subfield code="a">Eugene, Or. :</subfield><subfield code="b">What's Happening, Inc.,</subfield><subfield code="c">1993-</subfield></datafield><datafield ind1=" " ind2=" " tag="300"><subfield code="a">v.</subfield></datafield><datafield ind1=" " ind2=" " tag="310"><subfield code="a">Weekly</subfield></datafield><datafield ind1="0" ind2=" " tag="362"><subfield code="a">Vol. 12, no. 36 (Sept. 16, 1993)-</subfield></datafield><datafield ind1=" " ind2=" " tag="588"><subfield code="a">Latest issue consulted: Vol. 17, no. 1 (Jan. 8, 1998).</subfield></datafield><datafield ind1=" " ind2="0" tag="651"><subfield code="a">Eugene (Or.)</subfield><subfield code="v">Newspapers.</subfield></datafield><datafield ind1=" " ind2="0" tag="650"><subfield code="a">Arts</subfield><subfield code="z">Oregon</subfield><subfield code="v">Newspapers.</subfield></datafield><datafield ind1=" " ind2="0" tag="650"><subfield code="a">Entertainment events</subfield><subfield code="z">Oregon</subfield><subfield code="v">Newspapers.</subfield></datafield><datafield ind1=" " ind2="7" tag="655"><subfield code="a">Newspapers.</subfield><subfield code="2">fast</subfield><subfield code="0">(OCoLC)fst01423814</subfield></datafield><datafield ind1=" " ind2="7" tag="650"><subfield code="a">Arts.</subfield><subfield code="2">fast</subfield><subfield code="0">(OCoLC)fst00817721</subfield></datafield><datafield ind1=" " ind2="7" tag="650"><subfield code="a">Entertainment events.</subfield><subfield code="2">fast</subfield><subfield code="0">(OCoLC)fst00912691</subfield></datafield><datafield ind1=" " ind2="7" tag="651"><subfield code="a">Oregon.</subfield><subfield code="2">fast</subfield><subfield code="0">(OCoLC)fst01204579</subfield></datafield><datafield ind1=" " ind2="7" tag="651"><subfield code="a">Oregon</subfield><subfield code="z">Eugene.</subfield><subfield code="2">fast</subfield><subfield code="0">(OCoLC)fst01205922</subfield></datafield><datafield ind1=" " ind2=" " tag="752"><subfield code="a">United States</subfield><subfield code="b">Oregon</subfield><subfield code="c">Lane</subfield><subfield code="d">Eugene.</subfield></datafield><datafield ind1="0" ind2="0" tag="780"><subfield code="t">What's happening (Eugene, Or.)</subfield><subfield code="w">(DLC)  2002260755</subfield><subfield code="w">(OCoLC)23861352</subfield></datafield></record>